@article{duvenaud2013structure,
  title={Structure discovery in nonparametric regression through compositional kernel search},
  author={Duvenaud, David and Lloyd, James Robert and Grosse, Roger and Tenenbaum, Joshua B and Ghahramani, Zoubin},
  journal={arXiv preprint arXiv:1302.4922},
  year={2013}
}

@book{vapnik1998statistical,
  title={Statistical Learning Theory},
  author={Vapnik, Vladimir N.},
  year={1998},
  publisher={Wiley-Interscience}
}

@book{rasmussen2006gaussian,
  title={Gaussian Processes for Machine Learning},
  author={Rasmussen, C. E. and Williams, C. K. I.},
  year={2006},
  publisher={MIT Press}
}

@article{huang2012extreme,
  title={Extreme learning machine for regression and multiclass classification},
  author={Huang, Guang-Bin and Zhou, Hongming and Ding, Xiaojian and Zhang, Rui},
  journal={IEEE Transactions on Systems, Man, and Cybernetics, Part B: Cybernetics },
  volume={42},
  number={2},
  pages={513--529},
  year={2012},
  publisher={IEEE}
}